\begin{thebibliography}{999}

\bibitem{INTRO} I. Arsene {\it et al.} (BRAHMS Collaboration), Nucl. Phys. A 
{\bf 757}, 1 (2005); B. B. Back {\it et al.} (PHOBOS Collaboration ), Nucl. 
Phys. A {\bf 757}, 28 (2005); J. Adams {\it et al.} (STAR Collaboration), Nucl. 
Phys. A {\bf 757}, 10 (2005); K. Adcox {\it et al.} (PHENIX Collaboration), 
Nucl. Phys. A {\bf 757}, 184 (2005).

\bibitem{SATZ} T. Matsui and H. Satz, Phys. Lett. B 178, {\bf 416} (1986).


\bibitem{LastCallLHC} N. Armesto {\it et al.}, J. Phys. G {\bf 35}, 
054001 (2008).

\bibitem{GAVIN} S. Gavin, P. L. McGaughey, P. V. Ruuskanen, and R. Vogt,
               Phys. Rev. C {\bf 54}, 2606 (1996).

\bibitem{LIN} Z. Lin, R. Vogt and X. N. Wang, Phys. Rev. C {\bf 57}, 899 (1998).

\bibitem{LIN2} Z. Lin and R. Vogt, Nucl. Phys. B {\bf 544}, 339 (1999).

\bibitem{SHUR} E. Shuryak, Phys. Rev. C {\bf 55}, 961 (1997).  %Energy Loss 

\bibitem{DKS} U. Jamil and D. K. Srivastava, J. Phys. G {\bf 37}, 085106 (2010).

\bibitem{zboson} S. Chatrchyan {\it et al.} (CMS Collaboration), Phys. Rev. 
Lett. {\bf 106}, 212301 (2011)

\bibitem{CMSQ}  S. Chatrchyan {\it et al.} CMS collaboration, 
arXiv:1201.5069v1 [nucl-ex]; CMS-HIN-10-006.

\bibitem{ATLASJ} G. Aad {\it et al.} (ATLAS Collaboration), arXiv:1012.5419 
[hep-ex] (2010).

\bibitem{RAARHIC} A. Adare {\it et al.} (PHENIX Collaboration), Phys. ReV. C
{\bf 84}, 044905 (2011).

\bibitem{RAAAlice} A. Dainese {\it et al.} (ALICE Collaboration), J. Phys. G
{\bf 38}, 124032 (2011).

\bibitem{GALL} K. Gallmeister, B. Kampfer, and O. P. Pavlenko,
                Phys. Rev. C {\bf 57}, 3276 (1998).

\bibitem{FEIN} D. Fein, Z. Huang, P. Valerio and I. Sarcevic, Phys. Rev. C 
{\bf 56}, 1637 (1997).

\bibitem{MUST} M. G. Mustafa, D. Pal and D. K. Srivastava, Phys. Rev. C 
{\bf 57}, 889 (1998).

\bibitem{RHICSingleEl} H.~Agakishiev {\it et al.}  (STAR Collaboration),
  Phys.\ Rev.\ D {\bf 83}, 052006 (2011)
  [arXiv:1102.2611 [nucl-ex]]; A.~Adare {\it et al.}  (PHENIX Collaboration),
  Phys.\ Rev.\ Lett.\  {\bf 97}, 252002 (2006)
  [hep-ex/0609010].

\bibitem{CTEQ6} J.~Pumplin, D.~R.~Stump, J.~Huston, H.~L.~Lai, P.~M.~Nadolsky 
and W.~K.~Tung,
  %``New generation of parton distributions with uncertainties from global QCD
  %analysis,''
  JHEP {\bf 0207}, 012 (2002)
  [arXiv:hep-ph/0201195];
  D.~Stump, J.~Huston, J.~Pumplin, W.~K.~Tung, H.~L.~Lai, S.~Kuhlmann 
  and J.~F.~Owens,
  %``Inclusive jet production, parton distributions, and the search for new
  %physics,''
  JHEP {\bf 0310}, 046 (2003) 
  [arXiv:hep-ph/0303013].


\bibitem{EPS09} K. J. Eskola, H. Paukkunen and C. A. Salgado, JHEP
{\bf 0904}, 065 (2009) [arXiv:0902.4154 [hep-ph]].
                                                              
\bibitem{CNV} M. Cacciari, P. Nason and R. Vogt, Phys. Rev. Lett.
{\bf 95}, 122001 (2005).

\bibitem{MNR} M. L. Mangano, P. Nason, and G. Ridolfi, Nucl. Phys. B 
{\bf 373}, 295 (1992).

\bibitem{NVF} R. Nelson, R. Vogt and A. D. Frawley, submitted to Phys. Rev. C;
R. Vogt, R. E. Nelson and A. D. Frawley, arXiv:1207.6812 [hep-ph].

\bibitem{RVjoszo} R. Vogt, Eur. Phys. J.
Special Topics {\bf 155}, 213 (2008).

\bibitem{RVHP08} R. Vogt, Eur.\ Phys.\ J.\ C {\bf 61}, 793 (2009).

%\bibitem{GLAUB} D. d'Enterria, arXiv:nucl-ex/0302016v3 (2004).

\bibitem{PbPbTotal} S. Chatrchyan {\it et. al.} (CMS Collaboration), 
Phys. Rev. C {\bf 84}, 024906 (2011).

\bibitem{LEVAI} P. L\'{e}vai 
and R. Vogt, Phys. Rev. C {\bf 56}, 2707 (1997).

\bibitem{vanNeerven} R. Hamberg, W.L. van Neerven and T. Matsuura,
Nucl. Phys. {\bf B359}, 343 (1991). 

\bibitem{HPpA} A. Accardi {\it et al.},  arXiv:hep-ph/0308248.

\bibitem{PYTHIA} T. Sj\"{o}strand, S. Mrenna and P. Skands, JHEP {\bf 05}, 026
(2006) [arXiv:hep-ph/0603175].

\bibitem{FUV} A. D. Frawley, T. Ullrich and R. Vogt, Phys. Rept. {\bf 462}, 
125 (2008) [arXiv:0806.1013 [nucl-ex]].

\bibitem{PHENIXqm12}  T. Sakaguchi {\it et al.} (PHENIX Collaboration), 
in proceedings of Quark Matter 2012.

\bibitem{CMSqm12} C. Mironov {\it et al.} (CMS Collaboration), in proceedings
of Quark Matter 2012.

\bibitem{Bjorken} J.~D.~Bjorken,  Phys.\ Rev.\ D {\bf 27}, 140 (1983).
              
\bibitem{KAJA} K. Kajantie, M. Kataja, L. McLerran, and P. V. Ruuskanen,
               Phys. Rev. D {\bf 34}, 811 (1986).

\bibitem{VOGT} R. Vogt, B. V. Jacak, P. L. McGaughey, P. V. Ruuskanen,
          Phys. Rev. D {\bf 49}, 3345 (1994).

\bibitem{GALE} C. Gale and P. Lichard, Phys. Rev. D {\bf 49}, 3338 (1994); \\
               C. Song, C.M. Ko, and C. Gale, {\it ibid} {\bf 50} R 1827 (1994).
                
\bibitem{MULT} S. Chatrchyan {\it et al.} (CMS Collaboration), 
arXiv:1107.4800 [nucl-ex] (2011).

\bibitem{CMS} S. Chatrchyan {\it et al.} (CMS Collaboration), JINST {\bf 3}, 
S08004 (2008).

\bibitem{ATLAS} ATLAS Collaboration, JINST {\bf 3}, S08003 (2008).

\bibitem{ALICE} ALICE Collaboration, Technical Proposal, CERN/LHCC/95-71;
          The ALICE Collaboration, JINST {\bf 3}, S08002 (2008).


\end{thebibliography}
